@string{pra = "Physical Review A"}

@inproceedings{ben-or2005fast,
  title={{Fast quantum Byzantine agreement}},
  author={Ben-Or, M. and Hassidim, A.},
  booktitle={Proceedings of the thirty-seventh annual ACM symposium on Theory of computing},
  pages={481--485},
  isbn={1581139608},
  year={2005},
  organization={ACM},
  comment = {Should be citeable as an application of distributed QC.
                  Uses secure multi-party communication protocol of
                  Crepeau, Gottesman and Smith, known as QVSS.}
}

@InProceedings{bennett:bb84,
  author = 	 {C. H. Bennett and G. Brassard},
  title = 	 {Quantum cryptography: Public key distribution and
                  coin tossing},
  booktitle =	 {Proc. IEEE International Conference on Computers,
                  Systems, and Signal Processing},
  pages =	 {175--179},
  year =	 1984,
  month =	 dec,
  publisher =	 {IEEE},
  URL = 	 {http://www.research.ibm.com/people/b/bennetc/bennettc198469790513.pdf}
}

@article{PhysRevLett.68.557,
  title = {Quantum cryptography without {Bell's} theorem},
  author = {Bennett, Charles H. and Brassard, Gilles and Mermin, N. David},
  journal = {Phys. Rev. Lett.},
  volume = {68},
  issue = {5},
  pages = {557--559},
  numpages = {0},
  year = {1992},
  month = {Feb},
  publisher = {American Physical Society},
  doi = {10.1103/PhysRevLett.68.557},
  url = {http://link.aps.org/doi/10.1103/PhysRevLett.68.557},
  comment = {BBM92 original paper}
}

@inproceedings{bhargavan2016practical,
  title={On the practical (in-) security of 64-bit block ciphers: Collision attacks on HTTP over TLS and OpenVPN},
  author={Bhargavan, Karthikeyan and Leurent, Ga{\"e}tan},
  booktitle={Proceedings of the 2016 ACM SIGSAC Conference on Computer and Communications Security},
  pages={456--467},
  year={2016},
  url={https://sweet32.info/SWEET32_CCS16.pdf},
  note={See also \url{https://sweet32.info/}}
}

@book{biham1993differential-book,
  title={Differential cryptanalysis of the data encryption standard},
  author={Biham, Eli and Shamir, Adi},
  year={1993},
  publisher={Springer Science \& Business Media},
  url={http://www.cs.technion.ac.il/~biham/Reports/differential-cryptanalysis-of-the-data-encryption-standard-biham-shamir-authors-latex-version.pdf}
}

@article{biham1991differential,
  title={Differential cryptanalysis of DES-like cryptosystems},
  author={Biham, Eli and Shamir, Adi},
  journal={Journal of CRYPTOLOGY},
  volume={4},
  number={1},
  pages={3--72},
  year={1991},
  publisher={Springer}
}

@book{bishop2002art,
  title={Computer Security: Art and Science},
  author={Bishop, Matthew A},
  year={2018},
  edition={2nd},
  publisher={Addison-Wesley Professional},
  isbn = {0-321-71233-1}
}

@Article{buhrman14:_posit_based_quant_crypt,
  author = 	 {Harry Buhrman and Nishanth Chandran and Serge Fehr
                  and Ran Gelles and Vipul Goyal and Rafail Ostrovsky
                  and Christian Schaffner},
  title = 	 {Position-based Quantum Cryptography: Impossibility
                  and Constructions},
  journal = {SIAM Journal on Computing},
  year = 	 2014,
  volume = 	 43,
  number = 	 1,
  pages = 	 {150--178},
  month = 	 feb
}


@techreport{chaitin1995program,
  title={Program-size complexity computes the halting problem},
  author={Chaitin, Gregory J and Arslanov, Asat and Calude, Cristian},
  year={1995},
  month=sep,
  institution={Department of Computer Science, The University of Auckland, New Zealand},
  number={CDMTCS-008}
}

@article{chaitin1975theory,
  title={A theory of program size formally identical to information theory},
  author={Chaitin, Gregory J},
  journal={Journal of the ACM (JACM)},
  volume={22},
  number={3},
  pages={329--340},
  year={1975},
  publisher={ACM New York, NY, USA}
}

@Article{chuang95:_factoring-decoherence,
  author = 	 {I. L. Chuang and R. Laflamme and P. Shor and W. H. Zurek},
  title = 	 {Quantum computers, factoring and decoherence},
  journal = 	 {Science},
  year = 	 1995,
  volume =	 270,
  number =	 5242,
  pages =	 {1633--1635},
  comment = 	 {Shows how coherence degrades over time.},
  url = {https://science.sciencemag.org/content/270/5242/1633}
}

@inproceedings{Crepeau:2002:SMQ:509907.510000,
 author = {Cr{\'e}peau, Claude and Gottesman, Daniel and Smith, Adam},
 title = {Secure multi-party quantum computation},
 booktitle = {Proceedings of the thiry-fourth annual ACM symposium on Theory of computing},
 series = {STOC '02},
 year = {2002},
 isbn = {1-58113-495-9},
 location = {Montreal, Quebec, Canada},
 pages = {643--652},
 numpages = {10},
 url = {http://doi.acm.org/10.1145/509907.510000},
 doi = {10.1145/509907.510000},
 acmid = {510000},
 publisher = {ACM},
 address = {New York, NY, USA},
 keywords = {distributed computing, multi-party protocols, quantum cryptography, secure function evaluation},
} 

@article{diffie1977special,
  title={Special feature: exhaustive cryptanalysis of the {NBS} data encryption standard},
  author={Diffie, Whitfield and Hellman, Martin E},
  journal={Computer},
  volume={10},
  number={6},
  pages={74--84},
  year={1977},
  publisher={IEEE},
  comment = {brute forcing DES},
  URL = {https://ieeexplore.ieee.org/abstract/document/1646525}
}

@article{diffie1976new,
  title={New directions in cryptography},
  author={Diffie, Whitfield and Hellman, Martin},
  journal={Information Theory, IEEE Transactions on},
  volume={22},
  number={6},
  pages={644--654},
  year={1976},
  publisher={IEEE}
}

@article{eisert2019cert,
  title={Quantum certification and benchmarking},
  author={Eisert, Jens and Hangleiter, Dominik and Walk, Nathan and Roth, Ingo and Markham, Damian and Parekh, Rhea and Chabaud, Ulysse and Kashefi, Elham},
  journal={arXiv preprint arXiv:1910.06343},
  year={2019}
}

@article{ekert1991qcb,
  title={Quantum cryptography based on {Bell's} theorem},
  author={Ekert, A.K.},
  journal={Physical Review Letters},
  volume={67},
  number={6},
  pages={661--663},
  year={1991},
  publisher={APS},
  comment={First QKD using entanglement proposal, I believe.  E91 original.}
}

@Article{fowler04:_shor_implem,
  author =	 {Austin G. Fowler and Simon J. Devitt and Lloyd
                  C. Hollenberg},
  title =	 {Implementation of {Shor's} algorithm on a linear
                  nearest neighbor qubit array},
  journal = 	 {Quantum Information and Computation},
  volume = 4,
  number = 4,
  pages = {237},
  year =	 2004,
   url = {https://arxiv.org/abs/quant-ph/0402196}
}

@book{kahn1996codebreakers,
  title={The Codebreakers: The comprehensive history of secret communication from ancient times to the internet},
  author={Kahn, David},
  year={1996},
  edition={2nd},
  publisher={Simon and Schuster}
}

@article{PhysRevA.100.052326,
  title = {No-go bounds for quantum seals},
  author = {Kimmel, Shelby and Kolkowitz, Shimon},
  journal = {Phys. Rev. A},
  volume = {100},
  issue = {5},
  pages = {052326},
  numpages = {6},
  year = {2019},
  month = {Nov},
  publisher = {American Physical Society},
  doi = {10.1103/PhysRevA.100.052326},
  url = {https://link.aps.org/doi/10.1103/PhysRevA.100.052326}
}

@article{PhysRevLett.108.130503,
  title = {Measurement-Device-Independent Quantum Key Distribution},
  author = {Lo, Hoi-Kwong and Curty, Marcos and Qi, Bing},
  journal = {Phys. Rev. Lett.},
  volume = {108},
  issue = {13},
  pages = {130503},
  numpages = {5},
  year = {2012},
  month = {Mar},
  publisher = {American Physical Society},
  doi = {10.1103/PhysRevLett.108.130503},
  url = {http://link.aps.org/doi/10.1103/PhysRevLett.108.130503}
}

@inproceedings{matsui1993linear,
  title={Linear cryptanalysis method for {DES} cipher},
  author={Matsui, Mitsuru},
  booktitle={Workshop on the Theory and Application of of Cryptographic Techniques},
  pages={386--397},
  year={1993},
  organization={Springer}
}

@misc{cryptoeprint:2012:623,
    author = {David McGrew},
    title = {Impossible plaintext cryptanalysis and probable-plaintext collision attacks of 64-bit block cipher modes},
    howpublished = {Cryptology ePrint Archive, Report 2012/623},
    year = {2012},
    note = {\url{https://eprint.iacr.org/2012/623}}
}

@book{menezes1996handbook,
  title={Handbook of applied cryptography},
  author={Menezes, Alfred J and Katz, Jonathan and Van Oorschot, Paul C and Vanstone, Scott A},
  year={1996},
  publisher={CRC press}
}

@article{miquel1996fdq,
  title={Factoring in a dissipative quantum computer},
  author={Miquel, C. and Paz, J.P. and Perazzo, R.},
  journal=pra,
  volume={54},
  number={4},
  pages={2605--2613},
  year={1996},
  publisher={APS}
}

@article{needham:encrypt,
author = {Needham, Roger M. and Schroeder, Michael D.},
title = {Using Encryption for Authentication in Large Networks of Computers},
year = {1978},
issue_date = {Dec. 1978},
publisher = {Association for Computing Machinery},
address = {New York, NY, USA},
volume = {21},
number = {12},
issn = {0001-0782},
url = {https://doi.org/10.1145/359657.359659},
doi = {10.1145/359657.359659},
journal = {Commun. ACM},
month = dec,
pages = {993â€“999},
numpages = {7},
keywords = {security, networks, authentication, public-key cryptosystems, encryption, protocols, data encryption standard}
}

@article{Pavlidis:2014:FQM:2638682.2638690,
 author = {Pavlidis, Archimedes and Gizopoulos, Dimitris},
 title = {Fast Quantum Modular Exponentiation Architecture for {Shor's} Factoring Algorithm},
 journal = {Quantum Info. Comput.},
 issue_date = {May 2014},
 volume = {14},
 number = {7\&\#38;8},
 month = may,
 year = {2014},
 issn = {1533-7146},
 pages = {649--682},
 numpages = {34},
 url = {http://dl.acm.org/citation.cfm?id=2638682.2638690},
 acmid = {2638690},
 publisher = {Rinton Press, Incorporated},
 address = {Paramus, NJ},
 keywords = {Shor's algorithm, quantum Fourier transform, quantum circuits, quantum divider, quantum multiplier},
} 

@article{regev09:jacm,
author = {Regev, Oded},
title = {On Lattices, Learning with Errors, Random Linear Codes, and Cryptography},
year = {2009},
issue_date = {September 2009},
publisher = {Association for Computing Machinery},
address = {New York, NY, USA},
volume = {56},
number = {6},
issn = {0004-5411},
url = {https://doi.org/10.1145/1568318.1568324},
doi = {10.1145/1568318.1568324},
journal = {J. ACM},
month = sep,
articleno = {34},
numpages = {40},
keywords = {public key encryption, cryptography, average-case hardness, Lattice, quantum computation}
}

@Article{rivest78:_rsa,
  author = 	 {R. Rivest and A. Shamir and L. Adleman},
  title = 	 {A Method for Obtaining Digital Signatures and
                  Public-Key Cryptosystems},
  journal = 	 cacm,
  year = 	 1978,
  volume =	 21,
  number =	 2,
  pages =	 {120--126}
}

@article{RevModPhys.81.1301,
  title = {The security of practical quantum key distribution},
  author = {Scarani, Valerio and Bechmann-Pasquinucci, Helle and Cerf, Nicolas J. and Du\ifmmode \check{s}\else \v{s}\fi{}ek, Miloslav and L\"utkenhaus, Norbert and Peev, Momtchil},
  journal = {Rev. Mod. Phys.},
  volume = {81},
  issue = {3},
  pages = {1301--1350},
  year = {2009},
  month = {Sep},
  doi = {10.1103/RevModPhys.81.1301},
  url = {http://link.aps.org/doi/10.1103/RevModPhys.81.1301},
  publisher = {American Physical Society}
}

@Book{schneier96:_applied_crypto,
  author =	 {Bruce Schneier},
  title = 	 {Applied Cryptography},
  publisher = 	 {J. Wiley},
  year = 	 1996,
  edition =	 {2nd}
}

@misc{shannon45,
  author = {C. E. Shannon},
  title = {A mathematical theory of communication},
  year = 1945,
  url = {https://www.iacr.org/museum/shannon45.html}
}                  

@Article{PhysRevLett.85.441,
  title = {Simple Proof of Security of the {BB84} Quantum Key Distribution Protocol},
  author = {Shor, Peter W. and Preskill, John },
  journal = {Phys. Rev. Lett.},
  volume = {85},
  number = {2},
  pages = {441--444},
  numpages = {3},
  year = {2000},
  month = {Jul},
  doi = {10.1103/PhysRevLett.85.441},
  publisher = {American Physical Society},
  comment = {shared secret key yield paper?}
}

@Article{shor:siam-factor,
  author = 	 {Peter W. Shor},
  title = 	 {Polynomial Time Algorithms for Prime Factorization
                  and Discrete Logarithms on a Quantum Computer},
  journal = 	 {SIAM J. Comp.},
  year = 	 1997,
  volume =	 26,
  number =	 5,
  pages =	 {1484--1509},
  note =	 {http://arXiv.org/quant-ph/9508027},
  comment = 	 {Contains more detail, including faster modular
                  exponentiation.}
}

@book{singh1999code,
  title={The Code Book},
  author={Singh, Simon},
  year={1999},
  publisher={Doubleday New York}
}

@inproceedings{suzuki2017blockchain,
  title={Blockchain as an audit-able communication channel},
  author={Suzuki, Shigeya and Murai, Jun},
  booktitle={2017 IEEE 41st Annual Computer Software and Applications Conference (COMPSAC)},
  volume={2},
  pages={516--522},
  year={2017},
  organization={IEEE}
}

@Article{van-meter13:_blueprint,
  author = 	 {Rodney Van{ }Meter and Clare Horsman},
  title = 	 {A blueprint for building a quantum computer},
  journal = 	 cacm,
  year = 	 2013,
 month=oct,
  volume=53,
  number=10,
  pages = {84--93}
}

@Article{van-meter04:fast-modexp,
  author =	 {Rodney Van{ }Meter and Kohei M. Itoh},
  title =	 {Fast Quantum Modular Exponentiation},
  journal = 	 pra,
  year = 	 2005,
  volume =	 71,
  number =	 5,
  pages =	 {052320},
  month =	 may
}

@PhdThesis{van-meter06:thesis,
  author = 	 {Rodney Doyle Van{ }Meter{ }III},
  title = 	 {Architecture of a Quantum Multicomputer Optimized
                  for {Shor's} Factoring Algorithm},
  school = 	 {Keio University},
  year = 	 2006,
  note = {available as arXiv:quant-ph/0607065}
}

@article{Vazirani:2019:FDI:3321370.3310974,
 author = {Vazirani, Umesh and Vidick, Thomas},
 title = {Fully Device Independent Quantum Key Distribution},
 journal = {Commun. ACM},
 issue_date = {April 2019},
 volume = {62},
 number = {4},
 month = mar,
 year = {2019},
 issn = {0001-0782},
 pages = {133--133},
 numpages = {1},
 url = {http://doi.acm.org/10.1145/3310974},
 doi = {10.1145/3310974},
 acmid = {3310974},
 publisher = {ACM},
 address = {New York, NY, USA},
} 

@InProceedings{webster86:avalanche,
author="Webster, A. F.
and Tavares, S. E.",
editor="Williams, Hugh C.",
title="On the Design of S-Boxes",
booktitle="Advances in Cryptology --- CRYPTO '85 Proceedings",
year="1986",
publisher="Springer Berlin Heidelberg",
address="Berlin, Heidelberg",
pages="523--534",
abstract="The ideas of completeness and the avalanche effect were first introduced by Kam and Davida [1] and Feistel [2], respectively. If a cryptographic transformation is complete, then each ciphertext bit must depend on all of the plaintext bits. Thus, if it were possible to find the simplest Boolean expression for each ciphertext bit in terms of the plaintext bits, each of those expressions would have to contain all of the plaintext bits if the function was complete. Alternatively, if there is at least one pair of n-bit plaintext vectors X and Xi that differ only in bit i, and f(X) and f(Xi) differ at least in bit j for all {\$}{\$}{\backslash}{\{} (i,j)|1 {\backslash}leqslant i,j {\backslash}leqslant n{\backslash}{\}}{\$}{\$}then the function f must be complete.",
isbn="978-3-540-39799-1",
url = {https://link.springer.com/chapter/10.1007/3-540-39799-X_41}
}

@article{xu2015measurement,
  title={Measurement-device-independent quantum cryptography},
  author={Xu, Feihu and Curty, Marcos and Qi, Bing and Lo, Hoi-Kwong},
  journal={IEEE Journal of Selected Topics in Quantum Electronics},
  volume={21},
  number={3},
  pages={148--158},
  year={2015},
  publisher={IEEE}
}

@ARTICLE{compression:Ziv78,
    AUTHOR = "J. {Ziv} and A. {Lempel}",
    TITLE = "Compression of Individual Sequences via Variable-rate
              coding",
    JOURNAL = "IEEE Trans. Inf. Theory",
    VOLUME = "IT-24",
    NUMBER = "5",
    month={September},
    year = "1978",
    PUBLISHER="IEEE",
    PAGES = "530--6",
    SUBMITTER = "golding@frans.cs.vu.nl (Thu Oct 14 15:49:27 1993)",
    KEY = "Ziv78"
}

@techreport{RFC4301,
  author = {S. Kent and K. Seo},
  title = {Security Architecture for the Internet Protocol},
  howpublished = {Internet Requests for Comments},
  type = {RFC},
  number = {4301},
  year = {2005},
  month = {December},
  issn = {2070-1721},
  publisher = {RFC Editor},
  institution = {RFC Editor},
  url = {http://www.rfc-editor.org/rfc/rfc4301.txt},
  note = {\url{http://www.rfc-editor.org/rfc/rfc4301.txt}},
}

@techreport{RFC6347,
  author = {E. Rescorla and N. Modadugu},
  title = {Datagram Transport Layer Security Version 1.2},
  howpublished = {Internet Requests for Comments},
  type = {RFC},
  number = {6347},
  year = {2012},
  month = {January},
  issn = {2070-1721},
  publisher = {RFC Editor},
  institution = {RFC Editor},
  url = {http://www.rfc-editor.org/rfc/rfc6347.txt},
  note = {\url{http://www.rfc-editor.org/rfc/rfc6347.txt}},
}

@techreport{RFC7296,
  author = {C. Kaufman and P. Hoffman and Y. Nir and P. Eronen and T. Kivinen},
  title = {Internet Key Exchange Protocol Version 2 (IKEv2)},
  howpublished = {Internet Requests for Comments},
  type = {STD},
  number = {79},
  year = {2014},
  month = {October},
  issn = {2070-1721},
  publisher = {RFC Editor},
  institution = {RFC Editor},
  url = {http://www.rfc-editor.org/rfc/rfc7296.txt},
  note = {\url{http://www.rfc-editor.org/rfc/rfc7296.txt}},
}

@techreport{RFC7457,
  author = {Y. Sheffer and R. Holz and P. Saint-Andre},
  title = {Summarizing Known Attacks on Transport Layer Security (TLS) and Datagram TLS (DTLS)},
  howpublished = {Internet Requests for Comments},
  type = {RFC},
  number = {7457},
  year = {2015},
  month = {February},
  issn = {2070-1721},
  publisher = {RFC Editor},
  institution = {RFC Editor},
  url = {http://www.rfc-editor.org/rfc/rfc7457.txt},
  note = {\url{http://www.rfc-editor.org/rfc/rfc7457.txt}},
}

@techreport{RFC8446,
  author = {E. Rescorla},
  title = {The Transport Layer Security (TLS) Protocol Version 1.3},
  howpublished = {Internet Requests for Comments},
  type = {RFC},
  number = {8446},
  year = {2018},
  month = {August},
  issn = {2070-1721},
  publisher = {RFC Editor},
  institution = {RFC Editor},
}

